@article{wuzu,
  author = {Zhu, X. and Wu, X.},
  title = {Class Noise vs. Attribute Noise: A Quantitative Study},
  journal = {Artificial Intelligence Review},
  volume = {22},
  number = {3},
  pages = {177--210},
  year = {2004}
}

@misc{sweb,
  title = {{SWEBOK} v4.0},
  howpublished = {Guide to the Software Engineering Body of Knowledge},
  year = {2014},
  organization = {IEEE Computer Society}
}

@article{guardian2015,
  author = {Hern, Alex},
  title = {Google Photos labels black people 'gorillas'},
  journal = {The Guardian},
  year = {2015},
  month = {jul},
  day = {01},
  url = {https://www.theguardian.com/technology/2015/jul/01/google-sorry-racist-auto-tag-photo-app}
}


@article{sciencedirect,
author = {Saseendran, Arun and Setia, Lovish and Chhabria, Viren and Chakraborty, Debrup and Barman Roy, Aneek},
year = {2019},
month = {02},
pages = {},
title = {Impact of Noise in Dataset on Machine Learning Algorithms},
doi = {10.13140/RG.2.2.25669.91369},
url = {https://www.sciencedirect.com/science/article/pii/S1877050919318575}
}

@article{DELAN,
title = {Method and evaluations of the effective gain of artificial intelligence models for reducing CO2 emissions},
journal = {Journal of Environmental Management},
volume = {331},
pages = {117261},
year = {2023},
issn = {0301-4797},
doi = {https://doi.org/10.1016/j.jenvman.2023.117261%7D},
url = {https://www.sciencedirect.com/science/article/pii/S030147972300049X%7D},
author = {Paul Delanoë and Dieudonné Tchuente and Guillaume Colin}
}


@article{carbon_emissions,
 author = {Mavromatis, Ilias and Katsaros, Konstantinos and Khan, Ammar},
 title = {Computing Within Limits: An Empirical Study of Energy Consumption in ML Training and Inference},
 journal = {arXiv preprint arXiv:2406.14328},
 year = {2024}
}



@article{ey_ai_sustainability,
 author = {{EY}},
 title = {{AI and Sustainability: Opportunities, Challenges, and Impact}},
 journal = {EY Insights},
 year = {2024},
 url = {https://www.ey.com/en_nl/insights/climate-change-sustainability-services/ai-and-sustainability-opportunities-challenges-and-impact}
}


@article{bain_ai_sustainability,
 author = {Brown, Sara},
 title = {Machine Learning, Explained},
 journal = {MIT Sloan: Ideas Made to Matter},
 year = {2021},
 url = {https://mitsloan.mit.edu/ideas-made-to-matter/machine-learning-explained}
}



@article{sciencedirect_noise,
title = {Dealing with Noise Problem in Machine Learning Data-sets: A Systematic Review},
journal = {Procedia Computer Science},
volume = {161},
pages = {466-474},
year = {2019},
doi = {10.1016/j.procs.2019.11.146},
url = {https://www.sciencedirect.com/science/article/pii/S1877050919318575},
author = {Shivani Gupta and Atul Gupta}
}




@inproceedings{chejara2024impact,
  author    = {Abduljalil, Mohammed and Shaout, Adnan and Al-Shammari, Eman},
  title     = {Applications of Machine Learning Algorithms and Performance Comparison: A Review},
  booktitle = {2020 International Conference on Computer Science and Software Engineering (CSASE)},
  year      = {2020},
  pages     = {177--182},
  doi       = {10.1109/CSASE48920.2020.9142088},
  url       = {https://ieeexplore.ieee.org/document/9077759}
}


@bachelorsthesis{abduljalil, author = {Abdulgalil, W.T.}, title = {Testing the Sensitivity of Machine Learning Classifiers to Attribute Noise in Training Data}, year = {2020}, school = {University of Twente}, type = {Bachelor's Thesis}, url = {https://essay.utwente.nl/82072/} }

@bachelorsthesis{schooltink,
  author    = {Schooltink, W.T.},
  title     = {Testing the Sensitivity of Machine Learning Classifiers to Attribute Noise in Training Data},
  year      = {2020},
  school    = {University of Twente},
  type      = {Bachelor's Thesis},
  url       = {https://essay.utwente.nl/82072/}
}

@article{atla2011,
  author    = {Abhinav Atla and Rahul Tada and Victor Sheng and Naveen Singireddy},
  title     = {Sensitivity of Different Machine Learning Algorithms to Noise},
  journal   = {Journal of Computing Sciences in Colleges},
  volume    = {26},
  number    = {5},
  pages     = {96--103},
  year      = {2011},
  url       = {https://dl.acm.org/doi/10.5555/1961574.1961594}
}



@inproceedings{noise_sensitivity,
  author = {Nettleton, David F and Orriols-Puig, Albert and Fornells, Albert},
  title = {A Study of the Effect of Different Types of Noise on the Precision of Supervised Learning Techniques},
  booktitle = {Noise in Data},
  year = {2010},
  url = {https://dl.acm.org/doi/abs/10.5555/1961574.1961594}
}

@article{henwood2019layerwise,
  title={Layerwise Noise Maximisation to Train Low-Energy Deep Neural Networks},
  author={Henwood, Samuel and Leduc-Primeau, Franc{\c{c}}ois and Savaria, Yvon},
  journal={arXiv preprint arXiv:1908.04280},
  year={2019}
}

@misc{kaggle,
  title = {Kaggle},
  url = {https://www.kaggle.com/},
  year = {Accessed 2025} % Add access date
}

@misc{google_ai_ml,
  title = {Artificial intelligence vs. machine learning},
  howpublished = {Google Cloud Learn},
  url = {https://cloud.google.com/learn/artificial-intelligence-vs-machine-learning?hl=en},
  year = {Accessed 2025}
}

@misc{dataheroes_noise,
  title = {Noise in Machine Learning},
  howpublished = {DataHeroes Glossary},
  url = {https://dataheroes.ai/glossary/noise-in-machine-learning/},
  year = {Accessed 2025}
}